<record><leader>00000cas a22000007a 4500</leader><controlfield tag="001">15649705</controlfield><controlfield tag="008">870508d190119uumsuwr ne      0    0eng d</controlfield><controlfield tag="009">7298</controlfield><datafield ind1=" " ind2=" " tag="010"><subfield code="a">sn 87065381 </subfield></datafield><datafield ind1=" " ind2=" " tag="040"><subfield code="a">MJA</subfield><subfield code="b">eng</subfield><subfield code="c">MJA</subfield><subfield code="d">MSJ</subfield><subfield code="d">OCLCQ</subfield></datafield><datafield ind1=" " ind2=" " tag="042"><subfield code="a">msc</subfield></datafield><datafield ind1="0" ind2="4" tag="245"><subfield code="a">The Noxubee herald.</subfield></datafield><datafield ind1=" " ind2=" " tag="260"><subfield code="a">Macon, Miss. :</subfield><subfield code="b">W.H. Grace &amp; Bro.,</subfield><subfield code="c">1901-</subfield></datafield><datafield ind1=" " ind2=" " tag="310"><subfield code="a">Weekly</subfield></datafield><datafield ind1="0" ind2=" " tag="362"><subfield code="a">Vol. 1, no. 1 (Mar. 28, 1901)-</subfield></datafield><datafield ind1=" " ind2=" " tag="752"><subfield code="a">United States</subfield><subfield code="b">Mississippi</subfield><subfield code="c">Noxubee</subfield><subfield code="d">Macon.</subfield></datafield></record>